@article{eason1955certain,
  title     = {On certain integrals of Lipschitz-Hankel type involving products of Bessel functions},
  author    = {Eason, George and Noble, Benjamin and Sneddon, Ian Naismith},
  journal   = {Philosophical Transactions of the Royal Society of London. Series A, Mathematical and Physical Sciences},
  volume    = {247},
  number    = {935},
  pages     = {529--551},
  year      = {1955},
  publisher = {The Royal Society London}
}
@article{clerk1892maxwell,
  title  = {Maxwell, A Treatise on Electricity and Magnetism, vol. 2},
  author = {Clerk, J},
  year   = {1892}
}
@article{jacobs1963fine,
  title     = {Fine particles, thin films and exchange anisotropy},
  author    = {Jacobs, IS},
  journal   = {Magnetism},
  pages     = {271--350},
  year      = {1963},
  publisher = {Academic}
}
@article{nicoletitle,
  title  = {" Title of paper if you know" , unpublished},
  author = {Nicole, R}
}
@article{elissatitle,
  title  = {" Title of paper with only first word capitalized," J. Name Stand. Abbrev., in press.},
  author = {Elissa, K}
}
@misc{young1989technical,
  title     = {The technical writer's handbook: Writing with style and clarity. Mill Valley},
  author    = {Young, Matt},
  year      = {1989},
  publisher = {CA: University Science Books}
}




@article{cavalcante2011,
  title     = {F{\'\i}sica com Arduino para iniciantes},
  author    = {Cavalcante, Marisa Almeida and Tavolaro, Cristiane Rodrigues Caetano and Molisani, Elio},
  journal   = {Revista Brasileira de Ensino de F{\'\i}sica},
  volume    = {33},
  number    = {4},
  pages     = {4503--4503},
  year      = {2011},
  publisher = {SciELO Brasil}
}
@article{marteleto2011,
  title   = {Avalia{\c{c}}{\~a}o do diodo emissor de luz (LED) para ilumina{\c{c}}{\~a}o de interiores},
  author  = {Marteleto, Douglas Coelho},
  journal = {Monograph-Departamento de Energia El{\'e}trica da Escola Polit{\'e}cnica da Universidade Federal do Rio de Janeiro, 86p},
  year    = {2011}
}
@article{barbacena1996display,
  title   = {Display lcd},
  author  = {Barbacena, Ilton L and Fleury, Claudio Afonso},
  journal = {Outubro},
  year    = {1996}
}
@article{patsko2006,
  title   = {Tutorial--Aplica{\c{c}}{\~o}es, Funcionamento e Utiliza{\c{c}}{\~a}o de Sensores},
  author  = {Patsko, Lu{\'\i}s Fernando},
  journal = {Maxwell Bohr: Instrumenta{\c{c}}{\~a}o eletr{\^o}nica},
  pages   = {84},
  year    = {2006}
}